<?xml version="1.0" encoding="UTF-8"?><record xmlns="http://www.loc.gov/MARC21/slim" xmlns:cinclude="http://apache.org/cocoon/include/1.0" xmlns:zs="http://www.loc.gov/zing/srw/">
  <leader>00485cz  a2200133n  4500</leader>
  <controlfield tag="001">n 2003037883</controlfield>
  <controlfield tag="003">DLC</controlfield>
  <controlfield tag="005">20030402081743.0</controlfield>
  <controlfield tag="008">030325n| acannaabn          |a aaa      </controlfield>
  <datafield tag="010" ind1=" " ind2=" ">
    <subfield code="a">n 2003037883</subfield>
  </datafield>
  <datafield tag="040" ind1=" " ind2=" ">
    <subfield code="a">DLC</subfield>
    <subfield code="b">eng</subfield>
    <subfield code="c">DLC</subfield>
  </datafield>
  <datafield tag="100" ind1="1" ind2=" ">
    <subfield code="a">Roe, Susan M. Hillier</subfield>
    <subfield code="q">(Susan Marie Hillier),</subfield>
    <subfield code="d">1942-</subfield>
  </datafield>
  <datafield tag="400" ind1="1" ind2=" ">
    <subfield code="a">Hillier, Susan Marie,</subfield>
    <subfield code="d">1942-</subfield>
  </datafield>
  <datafield tag="670" ind1=" " ind2=" ">
    <subfield code="a">Roe, Susan M. Hillier. Sue's genealogy recipes, c2000:</subfield>
    <subfield code="b">t.p. (Susan M. Hillier Roe) p. 6 (Susan Marie Hillier, b. 8 July 1942, Long Beach, Calif.)</subfield>
  </datafield>
</record>